@article{Stankovic88,
  author    = {John A. Stankovic},
  title     = {Misconceptions About Real-Time Computing},
  journal   = {{IEEE} Computer},
  volume    = {21},
  number    = {10},
  pages     = {10--19},
  year      = {1988},
  url       = {https://doi.org/10.1109/2.7053},
  doi       = {10.1109/2.7053},
  timestamp = {Wed, 14 Nov 2018 10:13:31 +0100},
  biburl    = {https://dblp.org/rec/bib/journals/computer/Stankovic88},
  bibsource = {dblp computer science bibliography, https://dblp.org}
}

@article{Shin1994,
	title = {Real-time computing: a new discipline of computer science and engineering},
	volume = {82},
	issn = {0018-9219},
	doi = {10.1109/5.259423},
	shorttitle = {Real-time computing},
	abstract = {This paper surveys the state of the art in real-time computing. It introduces basic concepts and identifies key issues in the design of real-time systems. Solutions proposed in literature for tackling these issues are also briefly discussed.{\textless}{\textgreater}},
	pages = {6--24},
	number = {1},
	journaltitle = {Proceedings of the {IEEE}},
	author = {Shin, K. G. and Ramanathan, P.},
	date = {1994-01}
}

@article{LiuL73,
  author    = {C. L. Liu and
               James W. Layland},
  title     = {Scheduling Algorithms for Multiprogramming in a Hard-Real-Time Environment},
  journal   = {J. {ACM}},
  volume    = {20},
  number    = {1},
  pages     = {46--61},
  year      = {1973},
  url       = {http://doi.acm.org/10.1145/321738.321743},
  doi       = {10.1145/321738.321743},
  timestamp = {Wed, 14 Nov 2018 10:35:24 +0100},
  biburl    = {https://dblp.org/rec/bib/journals/jacm/LiuL73},
  bibsource = {dblp computer science bibliography, https://dblp.org}
}

@article{JosephP86,
  author    = {Mathai Joseph and
               Paritosh K. Pandya},
  title     = {Finding Response Times in a Real-Time System},
  journal   = {Comput. J.},
  volume    = {29},
  number    = {5},
  pages     = {390--395},
  year      = {1986},
  url       = {http://dx.doi.org/10.1093/comjnl/29.5.390},
  doi       = {10.1093/comjnl/29.5.390},
  timestamp = {Tue, 28 Jun 2011 15:15:40 +0200},
  biburl    = {http://dblp.uni-trier.de/rec/bib/journals/cj/JosephP86},
  bibsource = {dblp computer science bibliography, http://dblp.org}
}

@article{Urriza2015,
    author={J. M. Urriza and F. E. Paez and J. D. Orozco and R. Cayssials},
    journal={IEEE Latin America Transactions},
    title={Computational Cost Reduction for Real-Time Schedulability Tests Algorithms},
    year={2015},
    volume={13},
    number={12},
    pages={3714-3723},
    doi={10.1109/TLA.2015.7404899},
    ISSN={1548-0992},
    month={Dec}
}

@article{sha1990,
author={Lui Sha and Rajkumar, R. and Lehoczky, J.P.},
journal={Computers, IEEE Transactions on},
title={Priority inheritance protocols: an approach to real-time synchronization},
year={1990},
month={Sep},
volume={39},
number={9},
pages={1175-1185},
doi={10.1109/12.57058},
ISSN={0018-9340},
}

@article{Baker91,
  author    = {Theodore P. Baker},
  title     = {Stack-based Scheduling of Realtime Processes},
  journal   = {Real-Time Systems},
  volume    = {3},
  number    = {1},
  pages     = {67--99},
  year      = {1991},
  url       = {https://doi.org/10.1007/BF00365393},
  doi       = {10.1007/BF00365393},
  timestamp = {Wed, 17 May 2017 10:56:13 +0200},
  biburl    = {https://dblp.org/rec/bib/journals/rts/Baker91},
  bibsource = {dblp computer science bibliography, https://dblp.org}
}

@article{StrosniderLS95,
  author    = {Jay K. Strosnider and
               John P. Lehoczky and
               Lui Sha},
  title     = {The Deferrable Server Algorithm for Enhanced Aperiodic Responsiveness
               in Hard Real-Time Environments},
  journal   = {{IEEE} Trans. Computers},
  volume    = {44},
  number    = {1},
  pages     = {73--91},
  year      = {1995},
  url       = {https://doi.org/10.1109/12.368008},
  doi       = {10.1109/12.368008},
  timestamp = {Sat, 20 May 2017 00:24:35 +0200},
  biburl    = {https://dblp.org/rec/bib/journals/tc/StrosniderLS95},
  bibsource = {dblp computer science bibliography, https://dblp.org}
}

@article{Urriza2010,
author={Urriza, J.M. and Paez, F.E. and Cayssials, R. and Orozco, J.D. and Schorb, L.S.},
title={Low cost slack stealing method for {RM}/{DM}},
journal={International Review on Computers and Software},
year={2010},
volume={5},
number={6},
pages={660-667},
url={http://www.scopus.com/inward/record.url?eid=2-s2.0-79251633453&partnerID=40&md5=fd13aa71b5a4c94d5c1d4c81df58c7e7},
document_type={Article},
source={Scopus},
}

@article{urriza2009ahorro,
  title={Ahorro de Energía en Dispositivos con un SO de Tiempo Real que planifican en RM o DM},
  author={Urriza, José M. and Orozco, Javier D. and Buckle, Carlos and Cayssials, Ricardo},
  journal={Encuentro Chileno de Computacion},
  year={2009}
}


@article{halang_contemporary_1993,
	title = {Contemporary computers considered inappropriate for real-time control},
	volume = {1},
	issn = {0967-0661},
	url = {http://www.sciencedirect.com/science/article/pii/0967066193913849},
	doi = {10.1016/0967-0661(93)91384-9},
	pages = {613--621},
	number = {4},
	journaltitle = {Control Engineering Practice},
	shortjournal = {Control Engineering Practice},
	author = {Halang, W. A.},
	urldate = {2019-10-03},
	date = {1993-08-01}
}

@article{LeungW82,
  author    = {Joseph Y.{-}T. Leung and
               Jennifer Whitehead},
  title     = {On the complexity of fixed-priority scheduling of periodic, real-time
               tasks},
  journal   = {Perform. Eval.},
  volume    = {2},
  number    = {4},
  pages     = {237--250},
  year      = {1982},
  url       = {https://doi.org/10.1016/0166-5316(82)90024-4},
  doi       = {10.1016/0166-5316(82)90024-4},
  timestamp = {Sat, 27 May 2017 14:23:30 +0200},
  biburl    = {http://dblp.uni-trier.de/rec/bib/journals/pe/LeungW82},
  bibsource = {dblp computer science bibliography, http://dblp.org}
}


% -- articulos en conferencia ------------------
@inproceedings{Baker1990,
	title = {A stack-based resource allocation policy for realtime processes},
	doi = {10.1109/REAL.1990.128747},
	eventtitle = {[1990] Proceedings 11th Real-Time Systems Symposium},
	pages = {191--200},
	booktitle = {[1990] Proceedings 11th Real-Time Systems Symposium},
	author = {Baker, T.P.},
	date = {1990-12}
}

@inproceedings{Urriza2008,
    title = {Modelado de Sistemas de Tiempo Real Planificados por RM o DM: Caracterización y Análisis},
    author = {José M. Urriza and Ricardo Cayssials and Javier D. Orozco},
    pages = {1435--1444},
    date = {2008},
    crossref = {clei2008},
}

@inproceedings{Urriza2008b,
    title = {Cálculo del Peor Tiempo de Respuesta en Sistemas de Tiempo Real con Limitados Recursos Computacionales},
    author = {José M. Urriza and Ricardo Cayssials and Javier D. Orozco},
    pages = {1415--1424},
    date = {2008},
    crossref = {clei2008}
}

@inproceedings{BiniBB01,
  author    = {Enrico Bini and
               Giorgio C. Buttazzo and
               Giuseppe M. Buttazzo},
  title     = {A Hyperbolic Bound for the Rate Monotonic Algorithm},
  booktitle = {13th Euromicro Conference on Real-Time Systems {(ECRTS} 2001), 13-15
               June 2001, Delft, The Netherlands, Proceedings},
  pages     = {59--66},
  year      = {2001},
  crossref  = {DBLP:conf/ecrts/2001},
  url       = {https://doi.org/10.1109/EMRTS.2001.934000},
  doi       = {10.1109/EMRTS.2001.934000},
  timestamp = {Fri, 02 Jun 2017 20:46:53 +0200},
  biburl    = {http://dblp.uni-trier.de/rec/bib/conf/ecrts/BiniBB01},
  bibsource = {dblp computer science bibliography, http://dblp.org}
}

@inproceedings{SjodinH98,
  author    = {Mikael Sj{\"{o}}din and
               Hans Hansson},
  title     = {Improved Response-Time Analysis Calculations},
  booktitle = {Proceedings of the 19th {IEEE} Real-Time Systems Symposium, Madrid,
               Spain, December 2-4, 1998},
  pages     = {399--408},
  year      = {1998},
  crossref  = {DBLP:conf/rtss/1998},
  url       = {http://dx.doi.org/10.1109/REAL.1998.739773},
  doi       = {10.1109/REAL.1998.739773},
  timestamp = {Tue, 20 Jan 2015 18:19:00 +0100},
  biburl    = {http://dblp.uni-trier.de/rec/bib/conf/rtss/SjodinH98},
  bibsource = {dblp computer science bibliography, http://dblp.org}
}

@inproceedings{Orozco2000,
  title={Taking advantage of priority inversions to improve the processing of non-hard real-time tasks in mixed systems},
  author={Orozco, J and Santos, R and Santos, J and Cayssials, R},
  booktitle={Proc. WIP 21st IEEE Real-Time Systems Symposium},
  pages={13--16},
  year={2000}
}

@inproceedings{DavisW95,
  author    = {Robert I. Davis and
               Andy J. Wellings},
  title     = {Dual Priority Scheduling},
  booktitle = {16th {IEEE} Real-Time Systems Symposium, Palazzo dei Congressi, Via
               Matteotti, 1, Pisa, Italy, December 4-7, 1995, Proceedings},
  pages     = {100--109},
  year      = {1995},
  crossref  = {DBLP:conf/rtss/1995},
  url       = {http://dx.doi.org/10.1109/REAL.1995.495200},
  doi       = {10.1109/REAL.1995.495200},
  timestamp = {Tue, 20 Jan 2015 18:19:00 +0100},
  biburl    = {http://dblp.uni-trier.de/rec/bib/conf/rtss/DavisW95},
  bibsource = {dblp computer science bibliography, http://dblp.org}
}

@inproceedings{FohlerLB01,
  author    = {Gerhard Fohler and
               Tomas Lennvall and
               Giorgio C. Buttazzo},
  title     = {Improved handling of soft aperiodic tasks in offline scheduled real-time
               systems using total bandwidth server},
  booktitle = {Proceedings of 8th {IEEE} International Conference on Emerging Technologies
               and Factory Automation, {ETFA} 2001, October 15-18, 2001, Antibes/Juan
               les Pins, France - Volume 1},
  pages     = {151--157},
  year      = {2001},
  crossref  = {DBLP:conf/etfa/2001-1},
  url       = {https://doi.org/10.1109/ETFA.2001.996364},
  doi       = {10.1109/ETFA.2001.996364},
  timestamp = {Wed, 16 Oct 2019 14:14:55 +0200},
  biburl    = {https://dblp.org/rec/bib/conf/etfa/FohlerLB01},
  bibsource = {dblp computer science bibliography, https://dblp.org}
}

@inproceedings{SpuriB94,
  author    = {Marco Spuri and
               Giorgio C. Buttazzo},
  title     = {Efficient Aperiodic Service Under Earliest Deadline Scheduling},
  booktitle = {Proceedings of the 15th {IEEE} Real-Time Systems Symposium {(RTSS}
               '94), San Juan, Puerto Rico, December 7-9, 1994},
  pages     = {2--11},
  year      = {1994},
  crossref  = {DBLP:conf/rtss/1994},
  url       = {https://doi.org/10.1109/REAL.1994.342735},
  doi       = {10.1109/REAL.1994.342735},
  timestamp = {Wed, 16 Oct 2019 14:14:53 +0200},
  biburl    = {https://dblp.org/rec/bib/conf/rtss/SpuriB94},
  bibsource = {dblp computer science bibliography, https://dblp.org}
}

@inproceedings{SpruntLS88,
  author    = {Brinkley Sprunt and
               John P. Lehoczky and
               Lui Sha},
  title     = {Exploiting Unused Periodic Time for Aperiodic Service Using the Extended
               Priority Exchange Algorithm},
  booktitle = {Proceedings of the 9th {IEEE} Real-Time Systems Symposium {(RTSS}
               '88), December 6-8, 1988, Huntsville, Alabama, {USA}},
  pages     = {251--258},
  year      = {1988},
  crossref  = {DBLP:conf/rtss/1988},
  url       = {https://doi.org/10.1109/REAL.1988.51120},
  doi       = {10.1109/REAL.1988.51120},
  timestamp = {Wed, 16 Oct 2019 14:14:53 +0200},
  biburl    = {https://dblp.org/rec/bib/conf/rtss/SpruntLS88},
  bibsource = {dblp computer science bibliography, https://dblp.org}
}

@inproceedings{CayssialsOSS99,
  author    = {Ricardo Cayssials and
               Javier Orozco and
               Jorge Santos and
               Rodrigo M. Santos},
  title     = {Rate monotonic scheduling of real-time control systems with the minimum
               number of priority levels},
  booktitle = {11th Euromicro Conference on Real-Time Systems {(ECRTS} 1999), 9-11
               June 1999, York, England, UK, Proceedings},
  pages     = {54--59},
  year      = {1999},
  crossref  = {DBLP:conf/ecrts/1999},
  url       = {https://doi.org/10.1109/EMRTS.1999.777450},
  doi       = {10.1109/EMRTS.1999.777450},
  timestamp = {Wed, 16 Oct 2019 14:14:50 +0200},
  biburl    = {https://dblp.org/rec/bib/conf/ecrts/CayssialsOSS99},
  bibsource = {dblp computer science bibliography, https://dblp.org}
}

@inproceedings{urriza2005fast,
  title={Fast Slack Stealing methods for Embedded Real Time Systems},
  author={Urriza, Jos{\'e} M and Orozco, Javier Dario and Cayssials, Ricardo},
  booktitle={26th IEEE International Real-Time Systems Symposium (RTSS 2005)-Work In Progress Session},
  pages={12--16},
  year={2005}
}

% --- Reportes ---
@article{urriza2005b,
  title={Modelo de Tareas para recuperacion de Slack para Aplicaciones en Sistemas Enbebidos con DVS},
  author={Urriza, José M. and Cayssials, Ricardo and Orozco, Javier D. and Leite, Julius C. B.},
  journal={Dep. de Ing. Eléctrica y Computadoras, Universidad Nacional del Sur, Argentina., Bahía Blanca, Reporte Interno 22 de Mayo},
  year={2005}
}

% --- Conferencias ---
@proceedings{clei2008,
  title        = {XXXIV Conferencia Latinoamericana de Informática},
  shorttitle   = {CLEI},
  year         = {2008}
}

@proceedings{DBLP:conf/ecrts/2001,
  title     = {13th Euromicro Conference on Real-Time Systems {(ECRTS} 2001), 13-15
               June 2001, Delft, The Netherlands, Proceedings},
  publisher = {{IEEE} Computer Society},
  year      = {2001},
  url       = {http://ieeexplore.ieee.org/xpl/mostRecentIssue.jsp?punumber=7427},
  isbn      = {0-7695-1221-6},
  timestamp = {Mon, 02 Feb 2015 17:46:42 +0100},
  biburl    = {http://dblp.uni-trier.de/rec/bib/conf/ecrts/2001},
  bibsource = {dblp computer science bibliography, http://dblp.org}
}

@proceedings{DBLP:conf/etfa/2001-1,
  title     = {Proceedings of 8th {IEEE} International Conference on Emerging Technologies
               and Factory Automation, {ETFA} 2001, October 15-18, 2001, Antibes/Juan
               les Pins, France - Volume 1},
  publisher = {{IEEE}},
  year      = {2001},
  url       = {https://ieeexplore.ieee.org/xpl/conhome/7823/proceeding},
  isbn      = {0-7803-7241-7},
  timestamp = {Wed, 16 Oct 2019 14:14:55 +0200},
  biburl    = {https://dblp.org/rec/bib/conf/etfa/2001-1},
  bibsource = {dblp computer science bibliography, https://dblp.org}
}

@proceedings{DBLP:conf/ecrts/1999,
  title     = {11th Euromicro Conference on Real-Time Systems {(ECRTS} 1999), 9-11
               June 1999, York, England, UK, Proceedings},
  publisher = {{IEEE} Computer Society},
  year      = {1999},
  url       = {https://ieeexplore.ieee.org/xpl/conhome/6302/proceeding},
  isbn      = {0-7695-0240-7},
  timestamp = {Wed, 16 Oct 2019 14:14:50 +0200},
  biburl    = {https://dblp.org/rec/bib/conf/ecrts/1999},
  bibsource = {dblp computer science bibliography, https://dblp.org}
}

@proceedings{DBLP:conf/rtss/1998,
  title     = {Proceedings of the 19th {IEEE} Real-Time Systems Symposium, Madrid,
               Spain, December 2-4, 1998},
  publisher = {{IEEE} Computer Society},
  year      = {1998},
  url       = {http://ieeexplore.ieee.org/xpl/mostRecentIssue.jsp?punumber=5963},
  isbn      = {0-8186-9212-X},
  timestamp = {Tue, 20 Jan 2015 18:19:00 +0100},
  biburl    = {http://dblp.uni-trier.de/rec/bib/conf/rtss/1998},
  bibsource = {dblp computer science bibliography, http://dblp.org}
}

@proceedings{DBLP:conf/rtss/1995,
  title     = {16th {IEEE} Real-Time Systems Symposium, Palazzo dei Congressi, Via
               Matteotti, 1, Pisa, Italy, December 4-7, 1995, Proceedings},
  publisher = {{IEEE} Computer Society},
  year      = {1995},
  url       = {http://ieeexplore.ieee.org/xpl/mostRecentIssue.jsp?punumber=3569},
  isbn      = {0-8186-7337-0},
  timestamp = {Tue, 20 Jan 2015 18:19:00 +0100},
  biburl    = {https://dblp.org/rec/bib/conf/rtss/1995},
  bibsource = {dblp computer science bibliography, https://dblp.org}
}

@proceedings{DBLP:conf/rtss/1994,
  title     = {Proceedings of the 15th {IEEE} Real-Time Systems Symposium {(RTSS}
               '94), San Juan, Puerto Rico, December 7-9, 1994},
  publisher = {{IEEE} Computer Society},
  year      = {1994},
  url       = {https://ieeexplore.ieee.org/xpl/conhome/1004/proceeding},
  isbn      = {0-8186-6600-5},
  timestamp = {Wed, 16 Oct 2019 14:14:53 +0200},
  biburl    = {https://dblp.org/rec/bib/conf/rtss/1994},
  bibsource = {dblp computer science bibliography, https://dblp.org}
}

@proceedings{DBLP:conf/rtss/1988,
  title     = {Proceedings of the 9th {IEEE} Real-Time Systems Symposium {(RTSS}
               '88), December 6-8, 1988, Huntsville, Alabama, {USA}},
  publisher = {{IEEE} Computer Society},
  year      = {1988},
  url       = {https://ieeexplore.ieee.org/xpl/conhome/755/proceeding},
  isbn      = {0-8186-4894-5},
  timestamp = {Wed, 16 Oct 2019 14:14:53 +0200},
  biburl    = {https://dblp.org/rec/bib/conf/rtss/1988},
  bibsource = {dblp computer science bibliography, https://dblp.org}
}